<?xml version="1.0" encoding="UTF-8"?><collection xmlns="http://www.loc.gov/MARC21/slim"><record><leader>00410nam--2200133-i-4500</leader><controlfield tag="001">000038580</controlfield><controlfield tag="002">20161230</controlfield><controlfield tag="005">20161230201041</controlfield><controlfield tag="008">060222s1000------------r-----000-0-eng-d</controlfield><datafield ind1=" " ind2=" " tag="080"><subfield code="a">621.791.94</subfield></datafield><datafield ind1=" " ind2=" " tag="100"><subfield code="a">Aurelian Vlase, Atanase Mihail, Aurel Sturzu Si Ioan Bercea</subfield></datafield><datafield ind1=" " ind2=" " tag="245"><subfield code="a">Regimuri de aschiere, adaosuri de prelucrare si norme tehnice de timp</subfield></datafield><datafield ind1=" " ind2=" " tag="260"><subfield code="a">Bucuresti, Ed.Tehnica, 1983. 399p</subfield></datafield><datafield ind1=" " ind2=" " tag="852"><subfield code="a">71476</subfield></datafield></record></collection>